<?xml version="1.0" encoding="UTF-8"?><collection xmlns="http://www.loc.gov/MARC21/slim"><record><leader>00377nam--2200133-i-4500</leader><controlfield tag="001">000028863</controlfield><controlfield tag="002">20161230</controlfield><controlfield tag="005">20161230201037</controlfield><controlfield tag="008">060222s1000------------r-----000-0-eng-d</controlfield><datafield ind1=" " ind2=" " tag="080"><subfield code="a">621.3.049.771</subfield></datafield><datafield ind1=" " ind2=" " tag="245"><subfield code="a">Large and medium scale integration. devices andd applications</subfield></datafield><datafield ind1=" " ind2=" " tag="260"><subfield code="a">New York, Mc Graw-hill Book Company, 1974, Vi + 374p</subfield></datafield><datafield ind1=" " ind2=" " tag="700"><subfield code="a">Weber Samuel</subfield></datafield><datafield ind1=" " ind2=" " tag="852"><subfield code="a">46092</subfield></datafield></record></collection>